@Comment Константы

@String{ mshnstr = {Машинностроение} }
@String{ fizmat = {Физматлит} }

@Comment Список литературы

@article{KarpovichDesign,
author = {Karpovich, Elena and Gueraiche, Djahid and Korotkov, Danil},
year = {2022},
month = {06},
pages = {},
title = {A method for conceptual design of a light boxplane},
volume = {5},
journal = {Aerospace Systems},
doi = {10.1007/s42401-022-00147-9}
}

@book{pobedryaMSS,
    language = {russian},
    author = {Победря, Б.\;Е. and Георгиевский Д.\;В.},
    title = {Основы механики сплошной среды. Курс лекций. Учебное пособие},
    address = {Москва},
    publisher = fizmat,
    year = {2006},
    pages = {272},
}

